<?xml version="1.0" encoding="UTF-8"?><collection xmlns="http://www.loc.gov/MARC21/slim"><record><leader>00368nam--2200133-i-4500</leader><controlfield tag="001">000020377</controlfield><controlfield tag="002">20161230</controlfield><controlfield tag="005">20161230201033</controlfield><controlfield tag="008">060222s1000------------r-----000-0-eng-d</controlfield><datafield ind1=" " ind2=" " tag="100"><subfield code="a">Constantinescu, Cezar</subfield></datafield><datafield ind1=" " ind2=" " tag="245"><subfield code="a">Gazdaru, constantin</subfield></datafield><datafield ind1=" " ind2=" " tag="260"><subfield code="a">Indrumar Pentru Electronisti.Radio Si Televizoare</subfield></datafield><datafield ind1=" " ind2=" " tag="490"><subfield code="a">Bucuresti, Editura Tehnica, 1986. 336 P</subfield></datafield><datafield ind1=" " ind2=" " tag="852"><subfield code="a">621.38</subfield></datafield></record></collection>